<record xmlns="http://www.loc.gov/MARC21/slim" xmlns:xsi="http://www.w3.org/2001/XMLSchema-instance" xsi:schemaLocation="http://www.loc.gov/MARC21/slim http://www.loc.gov/standards/marcxml/schema/MARC21slim.xsd"><leader>     nam a22        4500</leader><controlfield tag="001">3068505</controlfield><controlfield tag="003">NNC</controlfield><controlfield tag="006">m        d        </controlfield><controlfield tag="007">cr cn |||m|||a</controlfield><controlfield tag="008">150316s1950    ua b    o     000 0 arard</controlfield><datafield ind1=" " ind2=" " tag="040"><subfield code="a">NNU</subfield><subfield code="b">eng</subfield><subfield code="c">NNU</subfield></datafield><datafield ind1="1" ind2=" " tag="100"><subfield code="6">880-01</subfield><subfield code="a">&#699;Azza&#772;m, &#699;Abd al-Wahha&#772;b.</subfield></datafield><datafield ind1="1" ind2="0" tag="245"><subfield code="6">880-02</subfield><subfield code="a">Mawqi&#699; &#699;Uka&#772;z&#803;</subfield><subfield code="h">[electronic resource] /</subfield><subfield code="c">tah&#803;qi&#772;q &#699;Abd al-Wahha&#772;b &#699;Azza&#772;m ; Mulh&#803;aq bi-hi maqa&#772;la&#772;n li-Muh&#803;ammad ibn Bulayhid wa-H&#803;amad al-Ja&#772;sir.</subfield></datafield><datafield ind1=" " ind2=" " tag="260"><subfield code="6">880-03</subfield><subfield code="a">[Cairo] :</subfield><subfield code="b">Da&#772;r al-Ma&#699;a&#772;rif,</subfield><subfield code="c">[1950]</subfield></datafield><datafield ind1=" " ind2=" " tag="300"><subfield code="a">online resource (72 p.) :</subfield><subfield code="b">map</subfield></datafield><datafield ind1=" " ind2=" " tag="500"><subfield code="a">Part of the Arabic Collections Online (ACO) project, contributed by Columbia University Libraries.</subfield></datafield><datafield ind1=" " ind2=" " tag="533"><subfield code="a">Electronic reproduction.</subfield><subfield code="b">New York, N.Y. :</subfield><subfield code="c">New York University,</subfield><subfield code="d">2015.</subfield><subfield code="5">NNU</subfield></datafield><datafield ind1="2" ind2="0" tag="611"><subfield code="6">880-04</subfield><subfield code="a">Su&#772;q &#699;Uka&#772;z&#803;.</subfield></datafield><datafield ind1=" " ind2="0" tag="651"><subfield code="a">&#699;Uka&#772;z&#803; (Saudi Arabia)</subfield><subfield code="x">History.</subfield></datafield><datafield ind1=" " ind2="0" tag="651"><subfield code="a">&#699;Uka&#772;z&#803; (Saudi Arabia)</subfield><subfield code="x">Geography.</subfield></datafield><datafield ind1="1" ind2=" " tag="700"><subfield code="6">880-05</subfield><subfield code="a">Ibn Bali&#772;had al-Najdi&#772;, Muh&#803;ammad ibn &#699;Abd Alla&#772;h.</subfield></datafield><datafield ind1="1" ind2=" " tag="700"><subfield code="6">880-06</subfield><subfield code="a">Ja&#772;sir, H&#803;amad.</subfield></datafield><datafield ind1="2" ind2=" " tag="710"><subfield code="a">Columbia University.</subfield><subfield code="b">Libraries.</subfield></datafield><datafield ind1="0" ind2=" " tag="730"><subfield code="a">Arabic Collections Online.</subfield></datafield><datafield ind1="0" ind2="8" tag="776"><subfield code="i">Print version:</subfield><subfield code="a">&#699;Azza&#772;m, &#699;Abd al-Wahha&#772;b.</subfield><subfield code="t">Mawqi&#699; &#699;Uka&#772;z&#803;</subfield><subfield code="w">(NNC)3068505</subfield><subfield code="w">(OCoLC)122778253</subfield></datafield><datafield ind1="4" ind2="0" tag="856"><subfield code="u">http://hdl.handle.net/2333.1/tqjq2f7j</subfield></datafield><datafield ind1="1" ind2=" " tag="880"><subfield code="6">100-01/r</subfield><subfield code="a">&#1593;&#1586;&#1575;&#1605;&#1548; &#1593;&#1576;&#1583; &#1575;&#1604;&#1608;&#1607;&#1575;&#1576;.&#8207;</subfield></datafield><datafield ind1="1" ind2="0" tag="880"><subfield code="6">245-02/r</subfield><subfield code="a">&#1605;&#1608;&#1602;&#1593; &#1593;&#1603;&#1575;&#1592; /</subfield><subfield code="c">&#1578;&#1581;&#1602;&#1610;&#1602; &#1593;&#1576;&#1583; &#1575;&#1604;&#1608;&#1607;&#1575;&#1576; &#1593;&#1586;&#1575;&#1605; &#1563; &#1605;&#1604;&#1581;&#1602; &#1576;&#1607; &#1605;&#1602;&#1575;&#1604;&#1575;&#1606; &#1604;&#1605;&#1581;&#1605;&#1583; &#1576;&#1606; &#1576;&#1604;&#1610;&#1607;&#1583; &#1608; &#1581;&#1605;&#1583; &#1575;&#1604;&#1580;&#1575;&#1587;&#1585;.&#8207;</subfield></datafield><datafield ind1=" " ind2=" " tag="880"><subfield code="6">260-03/r</subfield><subfield code="a">[&#1575;&#1604;&#1602;&#1575;&#1607;&#1585;&#1577;] :</subfield><subfield code="b">&#1583;&#1575;&#1585; &#1575;&#1604;&#1605;&#1593;&#1575;&#1585;&#1601;&#1548;</subfield><subfield code="c">[&#1633;&#1641;&#1637;&#1632;]</subfield></datafield><datafield ind1="2" ind2="4" tag="880"><subfield code="6">611-04/r</subfield><subfield code="a">&#1587;&#1608;&#1602; &#1593;&#1603;&#1575;&#1592;.&#8207;</subfield></datafield><datafield ind1="1" ind2=" " tag="880"><subfield code="6">700-05/r</subfield><subfield code="a">&#1575;&#1576;&#1606; &#1576;&#1604;&#1610;&#1607;&#1583; &#1575;&#1604;&#1606;&#1580;&#1583;&#1610;&#1548; &#1605;&#1581;&#1605;&#1583; &#1576;&#1606; &#1593;&#1576;&#1583; &#1575;&#1604;&#1604;&#1607;.&#8207;</subfield></datafield><datafield ind1="1" ind2=" " tag="880"><subfield code="6">700-06/r</subfield><subfield code="a">&#1580;&#1575;&#1587;&#1585;&#1548; &#1581;&#1605;&#1583;.&#8207;</subfield></datafield><datafield ind1=" " ind2=" " tag="959"><subfield code="a">NNU</subfield><subfield code="b">WEB</subfield><subfield code="c">GENI</subfield><subfield code="t">0</subfield><subfield code="m">Electronic access</subfield><subfield code="s">01</subfield></datafield><datafield ind1=" " ind2=" " tag="999"><subfield code="i">NNC_3068505</subfield><subfield code="o">(OCoLC)ocn122778253</subfield><subfield code="s">columbia_aco000374</subfield></datafield></record>